<?xml version="1.0" encoding="UTF-8"?><collection xmlns="http://www.loc.gov/MARC21/slim"><record><leader>00520nam--2200181-i-4500</leader><controlfield tag="001">000003159</controlfield><controlfield tag="002">20161230</controlfield><controlfield tag="005">20161230201025</controlfield><controlfield tag="008">060222s1000------------r-----000-0-eng-d</controlfield><datafield ind1=" " ind2=" " tag="040"><subfield code="a">IFIN-HH</subfield></datafield><datafield ind1=" " ind2=" " tag="080"><subfield code="a">803.0(075.8)</subfield></datafield><datafield ind1="1" ind2=" " tag="100"><subfield code="a">Duval, Clement</subfield></datafield><datafield ind1="1" ind2="0" tag="245"><subfield code="a">Besser spat als nie</subfield><subfield code="b">Cours d'allemand scientifique pour les debutants</subfield><subfield code="c">Clement duval</subfield></datafield><datafield ind1=" " ind2=" " tag="250"><subfield code="a">5-e Edition</subfield></datafield><datafield ind1=" " ind2=" " tag="260"><subfield code="a">Paris</subfield><subfield code="b">Centre National De La Recherche Scientifique</subfield><subfield code="c">1955</subfield></datafield><datafield ind1=" " ind2=" " tag="300"><subfield code="a">106P</subfield></datafield><datafield ind1=" " ind2=" " tag="852"><subfield code="a">41881</subfield><subfield code="c">4</subfield></datafield><datafield ind1=" " ind2=" " tag="CAT"><subfield code="a">Sys</subfield><subfield code="c">20130206</subfield><subfield code="h">102304</subfield></datafield></record></collection>